@INPROCEEDINGS{subwindowsearch, 
author={Lampert, Christoph H. and Blaschko, M.B. and Hofmann, T.}, 
booktitle={Computer Vision and Pattern Recognition, 2008. CVPR 2008. IEEE Conference on}, 
title={Beyond sliding windows: Object localization by efficient subwindow search}, 
year={2008}, 
month={June}, 
pages={1-8}, 
keywords={image classification;image retrieval;object detection;tree searching;ESS method;branch-and-bound scheme;efficient subwindow search;object detection;object localization;object recognition systems;object retrieval;sliding windows;subimage classifier functions;Computational efficiency;Cybernetics;Electronic switching systems;Image recognition;Kernel;Nearest neighbor searches;Object detection;Object recognition;Performance evaluation;Pixel}, 
doi={10.1109/CVPR.2008.4587586}, 
ISSN={1063-6919},}
@INPROCEEDINGS{tubelet, 
author={Jain, M. and van Gemert, J. and Jegou, H. and Bouthemy, P. and Snoek, C.G.M.}, 
booktitle={Computer Vision and Pattern Recognition (CVPR), 2014 IEEE Conference on}, 
title={Action Localization with Tubelets from Motion}, 
year={2014}, 
month={June}, 
pages={740-747}, 
keywords={image motion analysis;image sampling;image sequences;2D+t sequences;action localization;action related motion;background motion;bounding box sequences;bounding boxes;image localization;sampling strategy;super-voxel;tubelets;Histograms;Image color analysis;Image segmentation;Merging;Motion segmentation;Search problems;Videos}, 
doi={10.1109/CVPR.2014.100},}

